@article{DBLP:journals/corr/HuangLW16a,
  author    = {Gao Huang and
               Zhuang Liu and
               Kilian Q. Weinberger},
  title     = {Densely Connected Convolutional Networks},
  journal   = {CoRR},
  volume    = {abs/1608.06993},
  year      = {2016},
  url       = {http://arxiv.org/abs/1608.06993},
  archivePrefix = {arXiv},
  eprint    = {1608.06993},
  timestamp = {Mon, 10 Sep 2018 15:49:32 +0200},
  biburl    = {https://dblp.org/rec/bib/journals/corr/HuangLW16a},
  bibsource = {dblp computer science bibliography, https://dblp.org}
}

@misc{Oxford,
  title = {{Flower Classification}-102 Category Flower Dataset},
  howpublished = {\url{https://www.robots.ox.ac.uk/~vgg/data/flowers/102/}}
}


@INPROCEEDINGS{4756141,
author={M. {Nilsback} and A. {Zisserman}},
booktitle={2008 Sixth Indian Conference on Computer Vision, Graphics Image Processing},
title={Automated Flower Classification over a Large Number of Classes},
year={2008},
volume={},
number={},
pages={722-729},
keywords={feature extraction;image classification;image colour analysis;support vector machines;automated flower classification;SVM classifier;support vector machine;multiple kernel framework;Shape;Kernel;Distributed computing;Support vector machines;Support vector machine classification;object classification;segmentation},
doi={10.1109/ICVGIP.2008.47},
ISSN={null},
month={Dec},}
